<?xml version="1.0" encoding="UTF-8"?>
<record xmlns="http://www.loc.gov/MARC21/slim">
   <leader>01496cam a2200253 a 4500</leader>
   <controlfield tag="001">862528</controlfield>
   <controlfield tag="003">NjP</controlfield>
   <controlfield tag="005">20171025091929.0</controlfield>
   <controlfield tag="008">840904s1970    ir            001|0 ara d</controlfield>
   <datafield tag="024" ind1="7" ind2=" ">
      <subfield code="a">princeton_aco004207</subfield>
      <subfield code="2">local</subfield>
   </datafield>
   <datafield ind1=" " ind2=" " tag="035">
      <subfield code="a">(OCoLC)29835002</subfield>
   </datafield>
   <datafield ind1=" " ind2=" " tag="035">
      <subfield code="a">(CStRLIN)NJPG84-B48601</subfield>
   </datafield>
   <datafield ind1=" " ind2=" " tag="035">
      <subfield code="9">CAY3658TS</subfield>
   </datafield>
   <datafield ind1=" " ind2=" " tag="040">
      <subfield code="a">NjP</subfield>
      <subfield code="c">NjP</subfield>
   </datafield>
   <datafield ind1="1" ind2=" " tag="100">
      <subfield code="a">Baḥrānī, Maytham ibn ʻAlī,</subfield>
      <subfield code="d">d. 1280?</subfield>
      <subfield code="0">http://id.loc.gov/authorities/names/n83179260</subfield>
   </datafield>
   <datafield ind1="1" ind2="0" tag="245">
      <subfield code="a">Sharḥ al-ʻālim al-rabbānī ʻalā al-miʼat kalimah li-Amīr al-Muʼminīn ʻAlī ibn Abī Ṭālib /</subfield>
      <subfield code="c">Kamāl al-Dīn Maytham ibn ʻAlī ibn Maytham al-Baḥrānī ; ʻuniya bi-ṭabʻih wa-nashrih wa-taṣḥīḥih wa-al-taʻlīq ʻalayh Mīr Jalāl al-Dīn al-Ḥusaynī al-Urmawī</subfield>
   </datafield>
   <datafield ind1=" " ind2=" " tag="260">
      <subfield code="a">Qum :</subfield>
      <subfield code="b">Jamāʻat al-Mudarrisīn fi-al-Ḥawzah al-ʻIlmīyah,</subfield>
      <subfield code="c">1390 [1970]</subfield>
   </datafield>
   <datafield ind1=" " ind2=" " tag="300">
      <subfield code="a">272, 67, 58 p. ;</subfield>
      <subfield code="c">25 cm.</subfield>
   </datafield>
   <datafield ind1=" " ind2=" " tag="500">
      <subfield code="a">On cover "Wa-yalīh sharḥān ʻalá tilk al-kalimāt bi-ʻaynihā, al-awwal sharḥ ʻAbd al-Wahhāb, al-thānī sharḥ al-Rashīd al-Waṭwāṭ.</subfield>
   </datafield>
   <datafield ind1="0" ind2="0" tag="600">
      <subfield code="a">ʻAlī ibn Abī Ṭālib,</subfield>
      <subfield code="c">Caliph,</subfield>
      <subfield code="d">ca. 600-661.</subfield>
      <subfield code="t">Miʼat kalimah.</subfield>
   </datafield>
   <datafield ind1="0" ind2=" " tag="700">
      <subfield code="a">ʻAbd al-Wahhāb ibn Ibrāhīm.</subfield>
   </datafield>
   <datafield ind1="1" ind2=" " tag="700">
      <subfield code="a">Vaṭvāṭ, Rashīd al-Dīn Muḥammad ibn Muḥammad,</subfield>
      <subfield code="d">approximately 1114-approximately 1182.</subfield>
      <subfield code="0">http://id.loc.gov/authorities/names/n85163476</subfield>
   </datafield>
   <datafield ind1="1" ind2=" " tag="700">
      <subfield code="a">Muḥaddis̲, Jalāl al-Dīn Ḥusaynī.</subfield>
   </datafield>
   <datafield ind1=" " ind2=" " tag="998">
      <subfield code="a">03/30/94</subfield>
      <subfield code="s">9118</subfield>
      <subfield code="n">NjP</subfield>
      <subfield code="w">NJPG84B48601</subfield>
      <subfield code="d">09/04/84</subfield>
      <subfield code="c">AAH</subfield>
      <subfield code="b">NBS</subfield>
      <subfield code="i">940330</subfield>
      <subfield code="l">NJPG</subfield>
   </datafield>
   <datafield ind1=" " ind2=" " tag="911">
      <subfield code="a">19940414</subfield>
   </datafield>
   <datafield ind1=" " ind2=" " tag="912">
      <subfield code="a">19970325040022.0</subfield>
   </datafield>
   <datafield ind1="8" ind2="0" tag="852">
      <subfield code="0">983319</subfield>
      <subfield code="b">rcppa</subfield>
      <subfield code="t">1</subfield>
      <subfield code="h">2267.112181.385 1970</subfield>
      <subfield code="x">tr fr anxa</subfield>
   </datafield>
   <datafield ind1=" " ind2=" " tag="959">
      <subfield code="a">2000-06-13 00:00:00 -0500</subfield>
   </datafield>
</record>
